% Encoding: UTF-8

@Book{Papula2014,
  title         = {Mathematik f\"ur Ingenieure und Naturwissenschaftler Band 1},
  publisher     = {Springer Science $\mathplus$ Business Media},
  year          = {2014},
  author        = {Lothar Papula},
  __markedentry = {[Mariuz:]},
  doi           = {10.1007/978-3-658-05620-9},
  url           = {http://dx.doi.org/10.1007/978-3-658-05620-9},
}

@Book{RichardM.Murray1994,
  title         = {A Mathematical Introduction to Robotic Manipulation},
  publisher     = {CRC PR INC},
  year          = {1994},
  author        = {Richard M. Murray, Zexiang Li, S. Shankar Sastry},
  __markedentry = {[Mariuz:6]},
  date          = {1994-03-11},
  ean           = {9780849379819},
  isbn          = {0849379814},
  pagetotal     = {480 Seiten},
  url           = {http://www.ebook.de/de/product/3803129/richard_m_murray_zexiang_li_s_shankar_sastry_a_mathematical_introduction_to_robotic_manipulation.html},
}

@Comment{jabref-meta: databaseType:bibtex;}
